<?xml version="1.0" encoding="UTF-8"?><collection xmlns="http://www.loc.gov/MARC21/slim"><record><leader>00421nam--2200133-i-4500</leader><controlfield tag="001">000046431</controlfield><controlfield tag="002">20161230</controlfield><controlfield tag="005">20161230201046</controlfield><controlfield tag="008">060222s1000------------r-----000-0-eng-d</controlfield><datafield ind1=" " ind2=" " tag="100"><subfield code="a">Vielstich,Volf</subfield></datafield><datafield ind1=" " ind2=" " tag="245"><subfield code="a">Brennstoffelemente. moderne verfahren zur ekektrochemischen eng</subfield></datafield><datafield ind1=" " ind2=" " tag="260"><subfield code="a">Weinheim, Verlag Chemie, 1965. Xv + 388 P</subfield></datafield><datafield ind1=" " ind2=" " tag="490"><subfield code="a">Monograpien Zu `Angewandte Chemie Und `Chemie-ingenieur-technik`</subfield></datafield><datafield ind1=" " ind2=" " tag="852"><subfield code="a">22195</subfield></datafield></record></collection>